<collection xmlns="http://www.loc.gov/MARC21/slim">
<record>
  <leader>01033nam0a22002531i 450 </leader>
  <controlfield tag="001">IT\ICCU\CNCE\035947</controlfield>
  <controlfield tag="005">20040221000000.0</controlfield>
  <datafield tag="100" ind1=" " ind2=" ">
    <subfield code="a">19980115d1587        0itac0103    ba</subfield>
  </datafield>
  <datafield tag="101" ind1=" " ind2=" ">
    <subfield code="a">LAT</subfield>
  </datafield>
  <datafield tag="102" ind1=" " ind2=" ">
    <subfield code="a">IT</subfield>
  </datafield>
  <datafield tag="200" ind1="1" ind2=" ">
    <subfield code="a">Aureum sacrae theologiae rosarium</subfield>
  </datafield>
  <datafield tag="210" ind1=" " ind2=" ">
    <subfield code="a">Venezia</subfield>
    <subfield code="c">Fioravante da Prato e soci</subfield>
    <subfield code="d">1587</subfield>
  </datafield>
  <datafield tag="215" ind1=" " ind2=" ">
    <subfield code="a">3 v.</subfield>
    <subfield code="d">8ʻ</subfield>
  </datafield>
  <datafield tag="300" ind1=" " ind2=" ">
    <subfield code="a">Annullata:  ̈un errore di BG01 (ha invece i volumi III e IV  del 1589</subfield>
  </datafield>
  <datafield tag="620" ind1=" " ind2=" ">
    <subfield code="a">IT</subfield>
    <subfield code="d">Venezia</subfield>
  </datafield>
  <datafield tag="700" ind1=" " ind2="0">
    <subfield code="a">Temesvr̀i Pelbr̀t</subfield>
    <subfield code="3">IT\ICCU\CNCA\008355</subfield>
  </datafield>
  <datafield tag="712" ind1="0" ind2="0">
    <subfield code="a">Prati, Fioravante</subfield>
    <subfield code="3">IT\ICCU\CNCT\000576</subfield>
    <subfield code="4">650</subfield>
  </datafield>
  <datafield tag="790" ind1=" " ind2="0">
    <subfield code="a">Pelbartus</subfield>
    <subfield code="c"> : Temesvariensis</subfield>
    <subfield code="3">IT\ICCU\CNCA\017357</subfield>
    <subfield code="z">Temesvr̀i Pelbr̀t</subfield>
  </datafield>
  <datafield tag="790" ind1=" " ind2="1">
    <subfield code="a">Pelbr̀t,</subfield>
    <subfield code="b">Oszvald</subfield>
    <subfield code="3">IT\ICCU\CNCA\029292</subfield>
    <subfield code="z">Temesvr̀i Pelbr̀t</subfield>
  </datafield>
  <datafield tag="790" ind1=" " ind2="0">
    <subfield code="a">Pelbartus</subfield>
    <subfield code="c"> : de Themeswar</subfield>
    <subfield code="3">IT\ICCU\CNCA\029293</subfield>
    <subfield code="z">Temesvr̀i Pelbr̀t</subfield>
  </datafield>
  <datafield tag="791" ind1="0" ind2="0">
    <subfield code="a">Prato, Floravans a</subfield>
    <subfield code="3">IT\ICCU\CNCT\005506</subfield>
    <subfield code="z">Prati, Fioravante</subfield>
  </datafield>
  <datafield tag="791" ind1="0" ind2="0">
    <subfield code="a">Pratus, Floravans</subfield>
    <subfield code="3">IT\ICCU\CNCT\005507</subfield>
    <subfield code="z">Prati, Fioravante</subfield>
  </datafield>
  <datafield tag="801" ind1=" " ind2="3">
    <subfield code="a">IT</subfield>
    <subfield code="b">ICCU</subfield>
    <subfield code="c">20201114</subfield>
  </datafield>
  <datafield tag="899" ind1=" " ind2=" ">
    <subfield code="a">Biblioteca civica A. Mai. Bergamo</subfield>
    <subfield code="1">BG0026</subfield>
    <subfield code="2">LO1 02</subfield>
  </datafield>
</record>
</collection>
